@incollection{peterson1984numerical,
  title={Numerical Aerodynamic Simulation (NAS)},
  author={Peterson, VL and Ballhaus Jr, WF and Bailey, FR},
  booktitle={Large Scale Scientific Computation},
  pages={215--236},
  year={1984},
  publisher={Elsevier}
}

@inproceedings{singh2017estimation,
  title={Estimation of end-to-end available bandwidth and link capacity in SDN},
  author={Singh, Manmeet and Varyani, Nitin and Singh, Jobanpreet and Haribabu, K},
  booktitle={International Conference on Ubiquitous Communications and Network Computing},
  pages={130--141},
  year={2017},
  organization={Springer}
}

@inproceedings{zhang2015performance,
  title={Performance of SDN routing in comparison with legacy routing protocols},
  author={Zhang, Hailong and Yan, Jinyao},
  booktitle={2015 International Conference on Cyber-Enabled Distributed Computing and Knowledge Discovery},
  pages={491--494},
  year={2015},
  organization={IEEE}
}

@misc{onf2012openflow,
  title={Openflow switch specification version 1.3. 0 (wire protocol 0x04)},
  author={ONF, ONF},
  year={2012}
}

@article{casas2020intelligent,
  title={Intelligent routing based on reinforcement learning for software-defined networking},
  author={Casas-Velasco, Daniela M and Rendon, Oscar Mauricio Caicedo and da Fonseca, Nelson LS},
  journal={IEEE Transactions on Network and Service Management},
  volume={18},
  number={1},
  pages={870--881},
  year={2020},
  publisher={IEEE}
}

@article{naeem2020sdn,
  title={SDN-enabled energy-efficient routing optimization framework for industrial Internet of Things},
  author={Naeem, Faisal and Tariq, Muhammad and Poor, H Vincent},
  journal={IEEE Transactions on Industrial Informatics},
  volume={17},
  number={8},
  pages={5660--5667},
  year={2020},
  publisher={IEEE}
}

@inproceedings{ichikawa2013network,
  title={A network performance-aware routing for multisite virtual clusters},
  author={Ichikawa, Kohei and Date, Susumu and Abe, Hirotake and Yamanaka, Hiroaki and Kawai, Eiji and Shimojo, Shinji},
  booktitle={2013 19th IEEE International Conference on Networks (ICON)},
  pages={1--5},
  year={2013},
  organization={IEEE}
}

@inproceedings{akin2019comparison,
  title={Comparison of routing algorithms with static and dynamic link cost in SDN-extended version},
  author={Akin, Erdal and Korkmaz, Turgay},
  booktitle={Proceedings of the 16th IEEE Annual Consumer Communications \& Networking Conference, Las Vegas, NV, USA},
  pages={11--14},
  year={2019}
}

@article{torkzadeh2021energy,
  title={Energy-aware routing considering load balancing for SDN: a minimum graph-based Ant Colony Optimization},
  author={Torkzadeh, Samaneh and Soltanizadeh, Hadi and Orouji, Ali A},
  journal={Cluster Computing},
  pages={1--20},
  year={2021},
  publisher={Springer}
}

@inproceedings{sanagavarapu2021sdpredictnet,
  title={SDPredictNet-A Topology based SDN Neural Routing Framework with Traffic Prediction Analysis},
  author={Sanagavarapu, Sowmya and Sridhar, Sashank},
  booktitle={2021 IEEE 11th Annual Computing and Communication Workshop and Conference (CCWC)},
  pages={0264--0272},
  year={2021},
  organization={IEEE}
}

@inproceedings{mogul2010devoflow,
  title={Devoflow: Cost-effective flow management for high performance enterprise networks},
  author={Mogul, Jeffrey C and Tourrilhes, Jean and Yalagandula, Praveen and Sharma, Puneet and Curtis, Andrew R and Banerjee, Sujata},
  booktitle={Proceedings of the 9th ACM SIGCOMM Workshop on Hot Topics in Networks},
  pages={1--6},
  year={2010}
}

@inproceedings{alqahtani2018rethinking,
  title={Rethinking fat-tree topology design for cloud data centers},
  author={Alqahtani, Jarallah and Hamdaoui, Bechir},
  booktitle={2018 IEEE Global Communications Conference (GLOBECOM)},
  pages={1--6},
  year={2018},
  organization={IEEE}
}

@inproceedings{marcondes2016executing,
  title={Executing distributed applications on SDN-based Data Center: A study with NAS Parallel Benchmark},
  author={Marcondes, Anderson HS and Diel, Gustavo and de Souza, Felipe R and Vieira, Paulo R and Fiorese, Adriano and Koslovski, Guilherme P},
  booktitle={2016 7th International Conference on the Network of the Future (NOF)},
  pages={1--3},
  year={2016},
  organization={IEEE}
}

@article{nygren2015openflow,
  title={Openflow switch specification version 1.5. 1},
  author={Nygren, Anders and Pfaff, B and Lantz, B and Heller, B and Barker, C and Beckmann, C and Cohn, D and Malek, D and Talayco, D and Erickson, D and others},
  journal={Open Networking Foundation, Tech. Rep},
  year={2015}
}

@article{xie2015control,
  title={Control plane of software defined networks: A survey},
  author={Xie, Junjie and Guo, Deke and Hu, Zhiyao and Qu, Ting and Lv, Pin},
  journal={Computer communications},
  volume={67},
  pages={1--10},
  year={2015},
  publisher={Elsevier}
}
@inproceedings{lantz2010network,
  title={A network in a laptop: rapid prototyping for software-defined networks},
  author={Lantz, Bob and Heller, Brandon and McKeown, Nick},
  booktitle={Proceedings of the 9th ACM SIGCOMM Workshop on Hot Topics in Networks},
  pages={19},
  year={2010},
  organization={ACM}
}

@misc{ryu,
  title={Telephone Corporation, RYU network operating system, 2012},
  author={Telegraph, Nippon},
  year={2018},
  url = {https://ryu-sdn.org/index.html},
  note = {Acessado em: 2021-8-21}
}

@misc{mininet,
	author={Mininet},
	title = {An Instant Virtual Network on your Laptop (or other PC)},
	year={2016},
	url = {http://mininet.org/},
	note = {Acessado em: 2016-9-21}
}
@inproceedings{al2008scalable,
  title={A scalable, commodity data center network architecture},
  author={Al-Fares, Mohammad and Loukissas, Alexander and Vahdat, Amin},
  booktitle={ACM SIGCOMM Computer Communication Review},
  volume={38},
  number={4},
  pages={63--74},
  year={2008},
  organization={ACM}
}

@inproceedings{monsanto2012compiler,
  title={A compiler and run-time system for network programming languages},
  author={Monsanto, Christopher and Foster, Nate and Harrison, Rob and Walker, David},
  booktitle={ACM SIGPLAN Notices},
  volume={47},
  number={1},
  pages={217--230},
  year={2012},
  organization={ACM}
}

@inproceedings{foster2011frenetic,
  title={Frenetic: A network programming language},
  author={Foster, Nate and Harrison, Rob and Freedman, Michael J and Monsanto, Christopher and Rexford, Jennifer and Story, Alec and Walker, David},
  booktitle={ACM Sigplan Notices},
  volume={46},
  number={9},
  pages={279--291},
  year={2011},
  organization={ACM}
}

@article{smith2014opflex,
  title={OpFlex control protocol},
  author={Smith, M and Dvorkin, M and Laribi, Y and Pandey, V and Garg, P and Weidenbacher, N},
  journal={IETF, Apr},
  year={2014}
}

@article{pfaff2013open,
  title={The open vSwitch database management protocol},
  author={Pfaff, Ben and Davie, Bruce},
  year={2013}
}

@inproceedings{song2013protocol,
  title={Protocol-oblivious forwarding: Unleash the power of SDN through a future-proof forwarding plane},
  author={Song, Haoyu},
  booktitle={Proceedings of the second ACM SIGCOMM workshop on Hot topics in software defined networking},
  pages={127--132},
  year={2013},
  organization={ACM}
}

@techreport{doria2010forwarding,
  title={Forwarding and control element separation (ForCES) protocol specification},
  author={Doria, Avri and Salim, J Hadi and Haas, Robert and Khosravi, Horzmud and Wang, Weiming and Dong, Ligang and Gopal, Ram and Halpern, Joel},
  year={2010}
}

@article{handley2006internet,
  title={Why the Internet only just works},
  author={Handley, Mark},
  journal={BT Technology Journal},
  volume={24},
  number={3},
  pages={119--129},
  year={2006},
  publisher={Springer}
}

@inproceedings{lei2015multipath,
  title={Multipath routing in SDN-based Data Center Networks},
  author={Lei, Yi-Chih and Wang, Kuochen and Hsu, Yi-Huai},
  booktitle={Networks and Communications (EuCNC), 2015 European Conference on},
  pages={365--369},
  year={2015},
  organization={IEEE}
}

@article{hopps2000analysis,
  title={Analysis of an equal-cost multi-path algorithm},
  author={Hopps, Christian E},
  year={2000}
}

@inproceedings{duan2015responsive,
  title={Responsive multipath TCP in SDN-based datacenters},
  author={Duan, Jingpu and Wang, Zhi and Wu, Chuan},
  booktitle={2015 IEEE International Conference on Communications (ICC)},
  pages={5296--5301},
  year={2015},
  organization={IEEE}
}

@techreport{barre2009architectural,
  title={Architectural guidelines for multipath TCP development},
  author={Barre, S and Iyengar, J and Ford, B and others},
  year={2009},
  institution={RFC 6182. Fremont. IETF, California}
}


@inproceedings{raghavendra2012dynamic,
  title={Dynamic graph query primitives for sdn-based cloudnetwork management},
  author={Raghavendra, Ramya and Lobo, Jorge and Lee, Kang-Won},
  booktitle={Proceedings of the first workshop on Hot topics in software defined networks},
  pages={97--102},
  year={2012},
  organization={ACM}
}

@article{pacheco2016estrategia,
  title={Uma estrat{\'e}gia para o servi{\c{c}}o de c{\'a}lculo de caminhos em redes definidas por software},
  author={Pacheco, Davison Holanda and Ishimori, Airton Nobumasa and Farias, Fernando Nazareno Nascimento and Abel{\'e}m, Ant{\^o}nio Jorge Gomes},
  journal={Revista Brasileira de Computa{\c{c}}{\~a}o Aplicada},
  volume={8},
  number={2},
  pages={71--81},
  year={2016}
}

@inproceedings{agarwal2013traffic,
  title={Traffic engineering in software defined networks},
  author={Agarwal, Sankalp and Kodialam, Murali and Lakshman, TV},
  booktitle={INFOCOM, 2013 Proceedings IEEE},
  pages={2211--2219},
  year={2013},
  organization={IEEE}
}

@techreport{fortz2000optimizing,
  title={Optimizing OSPF/IS-IS weights in a changing world},
  author={Fortz, Bernard and Thorup, Mikkel and others},
  year={2000},
  institution={Louvain School of Management}
}

@inproceedings{sonkoly2014sdn,
  title={SDN based testbeds for evaluating and promoting multipath TCP},
  author={Sonkoly, Bal{\'a}zs and N{\'e}meth, Felici{\'a}n and Csikor, Levente and Guly{\'a}s, L{\'a}szl{\'o} and Guly{\'a}s, Andr{\'a}s},
  booktitle={Communications (ICC), 2014 IEEE International Conference on},
  pages={3044--3050},
  year={2014},
  organization={IEEE}
}

@article{minicurso216,
  title={ENGENHARIA DE TRÁFEGO EM REDES DEFINIDAS POR SOFTWARE},
  author={Bezerra, Divanilson Campelo and 		others},
  journal={XXXIV Simpósio Brasileiro de Redes de Computadores e Sistemas Distribuídos (SBRC)},
  year={2016}
}
@article{pfaff2012openflow,
  title={Openflow switch specification, version 1.3. 0},
  author={Pfaff, Ben and Lantz, B and Heller, B and others},
  journal={Open Networking Foundation},
  year={2012}
}

@inproceedings{zhou2014,
  title={REST API design patterns for SDN northbound API},
  author={Zhou, Wei and Li, Li and Luo, Min and Chou, Wu},
  booktitle={Advanced Information Networking and Applications Workshops (WAINA), 2014 28th International Conference on},
  pages={358--365},
  year={2014},
  organization={IEEE}
}

@ARTICLE{SDMN, 
author={K. Pentikousis and Y. Wang and W. Hu}, 
journal={IEEE Communications Magazine}, 
title={Mobileflow: Toward software-defined mobile networks}, 
year={2013}, 
volume={51}, 
number={7}, 
pages={44-53}, 
keywords={innovation management;mobile radio;software radio;telecommunication traffic;ground-breaking network innovation;mobile carrier networks;mobileflow;software-defined mobile networks;subscriber traffic;wireless network;Control systems;IP networks;Mobile communication;Mobile computing;Technological innovation;Wireless communication}, 
doi={10.1109/MCOM.2013.6553677}, 
ISSN={0163-6804}, 
month={July},}

@inproceedings{onos2014,
  title={ONOS: towards an open, distributed SDN OS},
  author={Berde, Pankaj and Gerola, Matteo and Hart, Jonathan and Higuchi, Yuta and Kobayashi, Masayoshi and Koide, Toshio and Lantz, Bob and O'Connor, Brian and Radoslavov, Pavlin and Snow, William and others},
  booktitle={Proceedings of the third workshop on Hot topics in software defined networking},
  pages={1--6},
  year={2014},
  organization={ACM}
}

@inproceedings{opendaylight2014,
  title={Opendaylight: Towards a model-driven sdn controller architecture},
  author={Medved, Jan and Varga, Robert and Tkacik, Anton and Gray, Ken},
  booktitle={2014 IEEE 15th International Symposium on},
  pages={1--6},
  year={2014},
  organization={IEEE}
}
@inproceedings{disco2014,
  title={Disco: Distributed multi-domain sdn controllers},
  author={Phemius, K{\'e}vin and Bouet, Mathieu and Leguay, J{\'e}r{\'e}mie},
  booktitle={Network Operations and Management Symposium (NOMS), 2014 IEEE},
  pages={1--4},
  year={2014},
  organization={IEEE}
}
@article{nox2008,
  title={NOX: towards an operating system for networks},
  author={Gude, Natasha and Koponen, Teemu and Pettit, Justin and Pfaff, Ben and Casado, Mart{\'\i}n and McKeown, Nick and Shenker, Scott},
  journal={ACM SIGCOMM Computer Communication Review},
  volume={38},
  number={3},
  pages={105--110},
  year={2008},
  publisher={ACM}
}

@article{gong2015survey,
  title={A survey on software defined networking and its applications},
  author={Gong, Yili and Huang, Wei and Wang, Wenjie and Lei, Yingchun},
  journal={Frontiers of Computer Science},
  volume={9},
  number={6},
  pages={827--845},
  year={2015},
  publisher={Springer}
}
@inproceedings{openVsw2010,
  title={Virtual switching in an era of advanced edges},
  author={Pettit, Justin and Gross, Jesse and Pfaff, Ben and Casado, Martin and Crosby, Simon},
  booktitle={2nd Workshop on Data Center--Converged and Virtual Ethernet Switching (DC-CAVES)},
  year={2010}
}

@article{bholebawa2016,
  title={Performance Analysis of Proposed Network Architecture: OpenFlow vs. Traditional Network},
  author={Bholebawa, Idris Zoher and Jha, Rakesh Kumar and Dalal, Upena D},
  journal={International Journal of Computer Science and Information Security \(IJCSIS\)s},
  volume={14},
  number={3},
  pages={30--39},
  year={2016},

}

@article{bholebawa2016performance,
  title={Performance Analysis of Proposed OpenFlow-Based Network Architecture Using Mininet},
  author={Bholebawa, Idris Zoher and Jha, Rakesh Kumar and Dalal, Upena D},
  journal={Wireless Personal Communications},
  volume={86},
  number={2},
  pages={943--958},
  year={2016},
  publisher={Springer}
}

@inproceedings{porras2012security,
  title={A security enforcement kernel for OpenFlow networks},
  author={Porras, Philip and Shin, Seungwon and Yegneswaran, Vinod and Fong, Martin and Tyson, Mabry and Gu, Guofei},
  booktitle={Proceedings of the first workshop on Hot topics in software defined networks},
  pages={121--126},
  year={2012},
  organization={ACM}
}
@inproceedings{beacon2013,
  title={The beacon openflow controller},
  author={Erickson, David},
  booktitle={Proceedings of the second ACM SIGCOMM workshop on Hot topics in software defined networking},
  pages={13--18},
  year={2013},
  organization={ACM}
}
@techreport{maestro2010,
  title={Maestro: A System for Scalable OpenFlow Control},
  author={Ng, Eugene},
  year={2010},
  institution={TSEN Maestro-Technical Report TR10-08, Rice University}
}

@inproceedings{nakagawa2012,
  title={A management method of IP multicast in overlay networks using openflow},
  author={Nakagawa, Yukihiro and Hyoudou, Kazuki and Shimizu, Takeshi},
  booktitle={Proceedings of the first workshop on Hot topics in software defined networks},
  pages={91--96},
  year={2012},
  organization={ACM}
}


@inproceedings{ghorbani-2012,
  title={Walk the line: consistent network updates with bandwidth guarantees},
  author={Ghorbani, Soudeh and Caesar, Matthew},
  booktitle={Proceedings of the first workshop on Hot topics in software defined networks},
  pages={67--72},
  year={2012},
  organization={ACM}
}


@inproceedings{jafarian-2012,
  title={Openflow random host mutation: transparent moving target defense using software defined networking},
  author={Jafarian, Jafar Haadi and Al-Shaer, Ehab and Duan, Qi},
  booktitle={Proceedings of the first workshop on Hot topics in software defined networks},
  pages={127--132},
  year={2012},
  organization={ACM}
}


@article{jarraya-2014,
  title={A survey and a layered taxonomy of software-defined networking},
  author={Jarraya, Yosr and Madi, Taous and Debbabi, Mourad},
  journal={Communications Surveys \& Tutorials, IEEE},
  volume={16},
  number={4},
  pages={1955--1980},
  year={2014},
  publisher={IEEE}
}


@article{nunes-2014,
  title={A survey of software-defined networking: Past, present, and future of programmable networks},
  author={Nunes, Bruno AA and Mendonca, Manoel and Nguyen, Xuan-Nam and Obraczka, Katia and Turletti, Thierry},
  journal={Communications Surveys \& Tutorials, IEEE},
  volume={16},
  number={3},
  pages={1617--1634},
  year={2014},
  publisher={IEEE}
}


@article{farhady-2015,
  title={Software-defined networking: A survey},
  author={Farhady, Hamid and Lee, HyunYong and Nakao, Akihiro},
  journal={Computer Networks},
  volume={81},
  pages={79--95},
  year={2015},
  publisher={Elsevier}
}


@INPROCEEDINGS{Agarwal-2013, 
author={S. Agarwal and M. Kodialam and T. V. Lakshman}, 
booktitle={INFOCOM, 2013 Proceedings IEEE}, 
title={Traffic engineering in software defined networks}, 
year={2013}, 
pages={2211-2219}, 
keywords={approximation theory;computer centres;computer networks;network interfaces;telecommunication traffic;FPTAS;Google;SDN architecture;SDN controller optimization problem;data centers;distributed network state;fully polynomial time approximation schemes;logically centralized controller;network control plane;network utilization;network-wide distributed forwarding elements;packet delay reduction;packet forwarding plane;packet loss reduction;software defined networking;standardized interfaces;traffic engineering;Current measurement;Delays;IP networks;Optimization;Peer-to-peer computing;Routing;Standards}, 
doi={10.1109/INFCOM.2013.6567024}, 
ISSN={0743-166X}, 
month={April},}

@techreport{guedes:2,
	author = {Dorgival, Guedes and Vieira, Luiz Filipe Menezes and Vieira, Marcos Menezes and  Rodrigues, Henrique and Nunes, Rogerio Vinhal},
	year = {2012},
	booktitle = {Minicurso 4 do XXX Simpósio Brasileiro de Redes de Computadores e Sistemas Distribuídos},
	title = {Redes Definidas por Software: uma abordagem sistemica para o desenvolvimento de pesquisas em Redes de Computadores},
}

@inproceedings{paulo:2016,
	title={Comparação de Políticas para Configuração de Fluxos em Redes Definidas por Software},
	author={Vieira Jr, Paulo Roberto and Fiorese, Adriano and Koslovski, Guilherme},
	booktitle={Anais do Computer on the Beach},
	year={2016}
}

@inproceedings{benson2009,
	title={Unraveling the Complexity of Network Management.},
	author={Benson, Theophilus and Akella, Aditya and Maltz, David A},
	booktitle={NSDI},
	pages={335--348},
	year={2009}
}

@article{kim2013,
	title={Improving network management with software defined networking},
	author={Kim, Hyojoon and Feamster, Nick},
	journal={Communications Magazine, IEEE},
	volume={51},
	number={2},
	pages={114--119},
	year={2013},
	publisher={IEEE}
}

@article{jain2013,
	title={Network virtualization and software defined networking for cloud computing: a survey},
	author={Jain, Raj and Paul, Sudipta},
	journal={Communications Magazine, IEEE},
	volume={51},
	number={11},
	pages={24--31},
	year={2013},
	publisher={IEEE}
}

@article{kreutz2015,
	title={Software-defined networking: A comprehensive survey},
	author={Kreutz, Diego and Ramos, Fernando MV and Esteves Verissimo, P and Esteve Rothenberg, Christian and Azodolmolky, Siamak and Uhlig, Steve},
	journal={proceedings of the IEEE},
	volume={103},
	number={1},
	pages={14--76},
	year={2015},
	publisher={IEEE}
}

@article{mckeown2008,
	title={OpenFlow: enabling innovation in campus networks},
	author={McKeown, Nick and Anderson, Tom and Balakrishnan, Hari and Parulkar, Guru and Peterson, Larry and Rexford, Jennifer and Shenker, Scott and Turner, Jonathan},
	journal={ACM SIGCOMM Computer Communication Review},
	volume={38},
	number={2},
	pages={69--74},
	year={2008},
	publisher={ACM}
}

@misc{floodlight2012,
	author={Floodlight},
	title = {Floodlight Is an Open SDN Controller},
	year={2012},
	url = {http://www.projectfloodlight.org/floodlight},
	note = {Acessado em: 2015-10-27}
}

@inproceedings{mininet2010,
	author = {Lantz, Bob and Heller, Brandon and McKeown, Nick},
	title = {A Network in a Laptop: Rapid Prototyping for Software-defined Networks},
	booktitle = {Proceedings of the 9th ACM SIGCOMM Workshop on Hot Topics in Networks},
	series = {Hotnets-IX},
	year = {2010},
	isbn = {978-1-4503-0409-2},
	location = {Monterey, California},
	pages = {19:1--19:6},
	articleno = {19},
	numpages = {6},
	url = {http://doi.acm.org/10.1145/1868447.1868466},
	doi = {10.1145/1868447.1868466},
	acmid = {1868466},
	publisher = {ACM},
	address = {New York, NY, USA},
	keywords = {emulation, open-flow, rapid prototyping, software defined networking, virtualization},
}

@inproceedings{bifulco2015towards,
	title={Towards Scalable SDN Switches: Enabling Faster Flow Table Entries Installation},
	author={Bifulco, Roberto and Matsiuk, Anton},
	booktitle={Proceedings of the 2015 ACM Conference on Special Interest Group on Data Communication},
	pages={343--344},
	year={2015},
	organization={ACM}
}

@inproceedings{tootoonchian2012controller,
	title={On controller performance in software-defined networks},
	author={Tootoonchian, Amin and Gorbunov, Sergey and Ganjali, Yashar and Casado, Martin and Sherwood, Rob},
	booktitle={USENIX Workshop on Hot Topics in Management of Internet, Cloud, and Enterprise Networks and Services (Hot-ICE)},
	volume={54},
	year={2012}
}

@inproceedings{dusi2014reactive,
	title={Reactive logic in software-defined networking: Measuring flow-table requirements},
	author={Dusi, Maurizio and Bifulco, Roberto and Gringoli, Francesco and Schneider, Fabian},
	booktitle={Wireless Communications and Mobile Computing Conference (IWCMC), 2014 International},
	pages={340--345},
	year={2014},
	organization={IEEE}
}

@inproceedings{he2015measuring,
	title={Measuring control plane latency in SDN-enabled switches},
	author={He, Keqiang and Khalid, Junaid and Gember-Jacobson, Aaron and Das, Sourav and Prakash, Chaithan and Akella, Aditya and Li, Li Erran and Thottan, Marina},
	booktitle={Proceedings of the 1st ACM SIGCOMM Symposium on Software Defined Networking Research},
	pages={25},
	year={2015},
	organization={ACM}
}

@article{akyildiz2014roadmap,
	title={A roadmap for traffic engineering in SDN-OpenFlow networks},
	author={Akyildiz, Ian F and Lee, Ahyoung and Wang, Pu and Luo, Min and Chou, Wu},
	journal={Computer Networks},
	volume={71},
	pages={1--30},
	year={2014},
	publisher={Elsevier}
}


@misc{openflowspec2015,
	author={Open Networking Foundation},
	title={OpenFlow Switch Specification v1.5.1},
	year={2015},
	howpublished ={\url{https://www.opennetworking.org/images/stories/downloads/sdn-resources/onf-specifications/openflow/openflow-switch-v1.5.1.pdf}},
	note={Acessado em: 2015-10-30}
}






























@inproceedings{almesberger2002,
	title = {Linux Traffic Control - Next Generation},
	booktitle = {Proceedings of the 9th International Linux System Technology Conference (Linux-Kongress 2002)},
	author = {Almesberger, Werner},
	month = oct,
	year = {2002},
	pages = {95–103}
}

@misc{amazon2013,
	title = {Amazon Web Services, Cloud Computing: Compute, Storage, Database},
	url = {http://aws.amazon.com/},
	urldate = {2013-11-13},
	author = {{AMAZON}},
	year = {2013}
}

@misc{amd2011,
	title = {{AMD} {I/O} Virtualization Technology ({IOMMU)} Specification},
	note = {PID 48882 Rev 2.00},
	url = {http://developer.amd.com/wordpress/media/2012/10/48882.pdf},
	publisher = {Advanced Micro Devices Inc},
	author = {{{AMD}}},
	month = mar,
	year = {2011}
}

@inproceedings{antony2012,
	address = {New York, {NY}, {USA}},
	series = {{CCSEIT} '12},
	title = {{HTB} Based Packet Scheduler for Cloud Computing},
	isbn = {978-1-4503-1310-0},
	doi = {10.1145/2393216.2393325},
	booktitle = {Proceedings of the Second International Conference on Computational Science, Engineering and Information Technology},
	publisher = {{ACM}},
	author = {Antony, Soumya and Antony, Simy and Beegom, A. S. Ajeena and Rajasree, M. S.},
	year = {2012},
	pages = {656–660}
}

@inproceedings{barham2003,
    address = {New York, {NY}, {USA}},
	series = {{SOSP} '03},
	title = {Xen and the art of virtualization},
	isbn = {1-58113-757-5},
	doi = {10.1145/945445.945462},
	urldate = {2013-08-05},
	booktitle = {Proceedings of the nineteenth {ACM} symposium on Operating systems principles},
	publisher = {{ACM}},
	author = {Barham, Paul and Dragovic, Boris and Fraser, Keir and Hand, Steven and Harris, Tim and Ho, Alex and Neugebauer, Rolf and Pratt, Ian and Warfield, Andrew},
	year = {2003},
	pages = {164–177},
}

@misc{brctl,
	title = {Linux Man Page - Brctl: ethernet bridge administration},
	url = {http://linux.die.net/man/8/brctl},
	urldate = {2013-11-18},
	author = {{Brctl}},
}

@inproceedings{buyya2009,
    address = {Shanghai, China},
	title = {Market-Oriented Cloud Computing: Vision, Hype, and Reality of Delivering Computing as the 5th Utility},
	shorttitle = {Market-Oriented Cloud Computing},
	doi = {10.1109/CCGRID.2009.97},
	booktitle = {Cluster Computing and the Grid, 2009. {CCGRID} '09. 9th {IEEE/ACM} International Symposium on},
	publisher = {{IEEE} Computer Society},
	author = {Buyya, Rajkumar and Yeo, Chee Shin and Venugopal, Srikumar},
	month = may,
	year = {2009},
	pages = {1--1},
}

@article{carissimi2008,
    title = {Virtualização: da teoria a soluções},
    volume = {2008},
	number = {{XXVI} Simpósio Brasileiro de Redes de Computadores e Sistemas Distribuídos},
	journal = {Minicursos do Simpósio Brasileiro de Redes de Computadores - {SBRC}},
	author = {Carissimi, Alexandre},
	year = {2008},
	pages = {173–207}
}

@book{chisnall2007,
    address = {Upper Saddle River, {NJ}},
	edition = {1},
	title = {The Definitive Guide to the Xen Hypervisor},
	isbn = {9780132349710  {013234971X}},
	language = {English},
	publisher = {Prentice Hall},
	author = {Chisnall, David},
	month = nov,
	year = {2007}
}

@book{crawford2009,
	address = {San Francisco, Califórnia; Farnham},
	edition = {1},
	title = {The Book of Xen},
	isbn = {9781593271862/1593271867},
	language = {English},
	publisher = {No Starch Press},
	author = {Crawford, Luke and Takemura, Chris},
	month = oct,
	year = {2009},
	annote = {- You can also build {PV} drivers for Linux {HVM} domains (p. 185)}
}

@article{creasy1981,
    title = {The Origin of the {VM/370} Time-Sharing System},
	volume = {25},
	issn = {0018-8646},
	doi = {10.1147/rd.255.0483},
	number = {5},
	urldate = {2013-09-25},
	journal = {{IBM} Journal of Research and Development},
	author = {Creasy, R. J.},
	month = sep,
	year = {1981},
	pages = {483--490}
}

@misc{devera2002,
	title = {{HTB} Linux Queuing Discipline Manual - User Guide},
	url = {http://luxik.cdi.cz/~devik/qos/htb/userg.pdf},
	urldate = {2013-09-05},
	author = {Devera, Martin and Cohen, Don},
	month = may,
	year = {2002}
}

@misc{devera2003,
	title = {{HTB} Home},
	url = {http://luxik.cdi.cz/~devik/qos/htb/},
	urldate = {2013-09-05},
	author = {Devera, Martin},
	month = jul,
	year = {2003}
}

@inproceedings{ding2013,
    address = {Beijing, China},
	title = {Optimation of {X}en scheduler for multitasking},
	doi = {10.1109/ICSESS.2013.6615415},
	publisher = {{IEEE}},
	booktitle = {2013 4th {IEEE} International Conference on Software Engineering and Service Science ({ICSESS)}},
	author = {Ding, Xiaoxu and Xiong, Anping and Yang, Chuan},
	month = may,
	year = {2013},
	pages = {754--757}
}

@inproceedings{egi2007,
	address = {Honolulu, {HI}},
	title = {Evaluating {X}en for Router Virtualization},
	isbn = {978-1-4244-1251-8},
	doi = {10.1109/ICCCN.2007.4317993},
	booktitle = {Proceedings of 16th International Conference on Computer Communications and Networks, 2007. {ICCCN} 2007},
	author = {Egi, N. and Greenhalgh, A. and Handley, M. and Hoerdt, M. and Mathy, L. and Schooley, T.},
	year = {2007},
	pages = {1256--1261}
}

@techreport{fraser2003,
	type = {Technical Report},
	title = {The Xenoserver Computing Infrastructure},
	url = {www.cl.cam.ac.uk/techreports/UCAM-CL-TR-552.pdf},
	number = {{UCAM-CL-TR-552}},
	institution = {University of Cambridge},
	author = {Fraser, Keir A and Hand, Steven M and Harris, Timothy L and Leslie, Ian M and Pratt, Ian A},
	month = jan,
	year = {2003},
	address = {Cambridge}
}

@techreport{fraser2004,
	type = {Technical Report},
	title = {Reconstructing {I/O}},
	url = {http://www.cl.cam.ac.uk/techreports/UCAM-CL-TR-596.pdf},
	number = {{UCAM-CL-TR-596}},
	institution = {University of Cambridge},
	author = {Fraser, Keir and Hand, Steven and Neugebauer, Rolf and Pratt, Ian and Warfield, Andrew and Willianmson, Mark},
	month = aug,
	year = {2004},
	address = {Cambridge}
}

@article{goldberg1974, 
    author={Goldberg, Robert P.}, 
    journal={Computer}, 
    title={Survey of virtual machine research}, 
    year={1974}, 
    volume={7},
    number={6}, 
    pages={34-45}, 
    doi={10.1109/MC.1974.6323581}, 
    ISSN={0018-9162}
}

@misc{gridtcp2010,
	title = {Overview of Precise Software Pacer ({PSPacer)}},
	url = {http://www.gridmpi.org/gridtcp.en.jsp},
	journal = {{GridTCP}},
	author = {{{GridTCP}}},
	month = oct,
	year = {2010}
}

@inproceedings{hubert2002,
	address = {Ontario, Canadá},
	title = {Linux Advanced Routing \& Traffic Control},
	booktitle = {Linux Symposium},
	author = {Hubert, Bert and Graf, Thomas and Maxwell, Gregory and Mook, Remco van and Oosterhout, Martijn van and Schroeder, Paul B and Spaans, Jasper and Larroy, Pedro},
	year = {2002},
	pages = {213--222}
}

@misc{hubert2002b,
	title = {Linux Advanced Routing \& Traffic Control {HOWTO}},
	url = {http://lartc.org/lartc.pdf},
	author = {Hubert, Bert and Graf, Thomas and Maxwell, Gregory and Mook, Remco van and Oosterhout, Martijn van and Schroeder, Paul B and Spaans, Jasper and Larroy, Pedro},
	year = {2002}
}

@inproceedings{hwang2013,
    address = {Ghent, Belgium},
	title = {A component-based performance comparison of four hypervisors},
	booktitle = {2013 {IFIP/IEEE} International Symposium on Integrated Network Management ({IM} 2013)},
	publisher = {{IEEE}},
	author = {Hwang, Jinho and Zeng, Sai and Wu, {F.Y.} and Wood, T.},
	year = {2013},
	pages = {269--276}
}

@misc{intel2013,
	title = {Intel Virtualization Technology for Directed {I/O:} Architecture Specification},
	shorttitle = {Intel Virtualization Technology for Directed {I/O}},
	url = {http://www.intel.com/content/dam/www/public/us/en/documents/product-specifications/vt-directed-io-spec.pdf},
	publisher = {Intel Corporation},
	author = {{INTEL}},
	month = sep,
	year = {2013},
	note = {D51397-006, Rev. 2.2}
}

@misc{iptables,
	title = {Linux Man Page - iptables: administration tool for {IPv4} packet filtering and {NAT}},
	url = {http://linux.die.net/man/8/iptables},
	urldate = {2013-11-18},
	author = {{Iptables}}
}

@article{koslovski2012,
    journal = {Escola Regional de Alta Desempenho do Rio Grande do Sul - {ERAD-RS}},
	title = {A Utilização e o Gerenciamento de Infraestruturas Virtuais},
	url = {http://www.lbd.dcc.ufmg.br/colecoes/erad-rs/2012/004.pdf},
	author = {Koslovski, Guilherme},
	month = mar,
	year = {2012}
}

@article{kvm2009,
    title = {{KVM} - Kernel Based Virtual Machine},
    journal = {RedHat},
    url = {http://www.redhat.com/rhecm/rest-rhecm/jcr/repository/collaboration/jcr:system/\newline~jcr:versionStorage/5e7884ed7f00000102c317385572f1b1/1/jcr:frozenNode/rh:pdfFile.\newline~pdf},
    author = {RedHat},
    year = {2009}
}

@inproceedings{menon2005,
	address = {New York, {NY}, {USA}},
	series = {{VEE} '05},
	title = {Diagnosing Performance Overheads in the Xen Virtual Machine Environment},
	isbn = {1-59593-047-7},
	doi = {10.1145/1064979.1064984},
	booktitle = {Proceedings of the 1st {ACM/USENIX} international conference on Virtual execution environments},
	publisher = {{ACM}},
	author = {Menon, Aravind and Santos, Jose Renato and Turner, Yoshio and Janakiraman, G. (John) and Zwaenepoel, Willy},
	year = {2005},
	pages = {13–23}
}

@book{matthews2008,
    address = {Upper Saddle River, {NJ}, {USA}},
	edition = {1},
	title = {Running Xen: A Hands-On Guide to the Art of Virtualization},
	isbn = {0132349663, 9780132349666},
	shorttitle = {Running Xen},
	publisher = {Prentice Hall {PTR}},
	author = {Matthews, Jeanna N. and Dow, Eli M. and Deshane, Todd and Hu, Wenjin and Bongio, Jeremy and Wilbur, Patrick F. and Johnson, Brendan},
	year = {2008}
}

@article{mell2011,
    title = {The {NIST} Definition of Cloud Computing},
    url = {http://csrc.nist.gov/publications/nistpubs/800-145/SP800-145.pdf},
	journal = {{NIST} Special Publication 800-145},
	author = {Mell, Peter and Grance, Timothy},
	year = {2011}
}

@inproceedings{menasce2005,
    title={Virtualization: Concepts, applications, and performance modeling},
    author={Menasc{\'e}, Daniel A},
    address = {Orlando, {Fl}},
    publisher = {{CMG}},
    booktitle = {Int. CMG Conference},
    pages = {407--414},
    year = {2005}
}

@book{menezes2005,
    address = {Florianópolis},
    edition = {4},
    title = {Metodologia da Pesquisa e Elaboração de Dissertação},
	publisher = {Universidade Federal de Santa Catarina},
	author = {Menezes, Estera Muszkat and Silva, Edna Lúcia da},
	year = {2005}
}

@article{pearce2013,
    title = {Virtualization: Issues, Security Threats, and Solutions},
	volume = {45},
	issn = {0360-0300},
	doi = {10.1145/2431211.2431216},
	number = {2},
	urldate = {2013-09-23},
	journal = {{ACM} Computing Surveys},
	author = {Pearce, Michael and Zeadally, Sherali and Hunt, Ray},
	month = feb,
	year = {2013},
	pages = {17:1–17:39}
}

@article{popek1974,
    author = {Popek, Gerald J. and Goldberg, Robert P.},
    title = {Formal requirements for virtualizable third generation architectures},
    journal = {Commun. ACM},
    issue_date = {July 1974},
    volume = {17},
    number = {7},
    month = jul,
    year = {1974},
    issn = {0001-0782},
    pages = {412--421},
    numpages = {10},
    doi = {10.1145/361011.361073},
    acmid = {361073},
    publisher = {ACM},
    address = {New York, NY, USA}
}

@misc{qemu,
	title = {{QEMU} - Open Source Processor Emulator},
	url = {http://wiki.qemu.org/},
	urldate = {2013-11-18},
	author = {{{QEMU}}}
}

@misc{rfc2475,
    title = {RFC2475 - An Architecture for Differentiated Services},
    shorttitle = {{RFC2475}},
	url = {http://tools.ietf.org/html/rfc2475},
	author = {Davies, Elwyn and Carlson, Mark A. and Weiss, Walter and Black, David and Blake, Steven and Wang, Zheng},
    year = {1998},
    month = dec
}

@article{righini2010,
    series = {Intel Virtualizatin Technology},
	title = {Enabling Intel Virtualization Technology Features and Benefits},
	journal = {Intel White Paper},
	author = {Righini, Marco},
	year = {2010},
}

@article{rosenblum2005,
    title = {Virtual machine monitors: current technology and future trends},
    volume = {38},
	issn = {0018-9162},
	shorttitle = {Virtual machine monitors},
	doi = {10.1109/MC.2005.176},
	number = {5},
	journal = {Computer},
	author = {Rosenblum, M. and Garfinkel, T.},
    month = may,
	year = {2005},
	pages = {39--47},
}

@article{rosenblum2012,
    title = {{I/O} virtualization},
    volume = {55},
	issn = {0001-0782},
	doi = {10.1145/2063176.2063194},
	number = {1},
	journal = {Commun. {ACM}},
	author = {Rosenblum, Mendel and Waldspurger, Carl},
	month = jan,
	year = {2012},
	pages = {66–73}
}


@article{scarfone2011,
    title = {Guide to Security for Full Virtualization Technologies},
    url = {http://csrc.nist.gov/publications/nistpubs/800-125/SP800-125-final.pdf},
	journal = {{NIST} Special Publication 800-125},
	author = {Scarfone, Karen and Souppaya, Murugiah and Hoffman, Paul},
	month = jan,
	year = {2011}
}

@inproceedings{semnanian2011,
    title = {Virtualization Technology and its Impact on Computer Hardware Architecture},
    address = {Las Vegas, {NV}},
	doi = {10.1109/ITNG.2011.127},
	publisher = {{IEEE}},
	booktitle = {2011 Eighth International Conference on Information Technology: New Generations ({ITNG)}},
	author = {Semnanian, {A.A.} and Pham, J. and Englert, B. and Wu, Xiaolong},
	year = {2011},
	pages = {719--724}
}

@article{smith2005,
    title = {The Architecture of Virtual Machines},
    volume = {38},
	issn = {0018-9162},
	doi = {10.1109/MC.2005.173},
	number = {5},
	journal = {Computer},
	author = {Smith, {J.E.} and Nair, R.},
	year = {2005},
	pages = {32--38}
}

@article{takano2005,
	title = {Design and Evaluation of Precise Software Pacing Mechanisms for Fast Long-Distance Networks},
	journal = {{PFLDnet} 2005},
	author = {Takano, Ryousei and Kudoh, Tomohiro and Kodama, Yuetsu and Matsuda, Motohiko and Tezuka, Hiroshi and Ishikawa, Yutaka},
	year = {2005}
}

@article{takano2011,
	title = {High-resolution Timer-based Packet Pacing Mechanism on the Linux Operating System},
	volume = {94},
	number = {8},
	journal = {{IEICE} transactions on communications},
	author = {Takano, Ryousei and Kudoh, Tomohiro and Kodama, Yuetsu and Okazaki, Fumihiro},
	year = {2011},
	pages = {2199–2207}
}

@book{tanenbaum2008,
    address = {Upper Saddle River, {N.J.}},
	edition = {3},
	title = {Modern Operating Systems},
	isbn = {9780136006633  0136006639  0136019196  9780136019190},
	language = {English},
	publisher = {Pearson Prentice Hall},
	author = {Tanenbaum, Andrew S},
	year = {2008}
}

@article{uhlig2005,
	title = {Intel Virtualization Technology},
	volume = {38},
	issn = {0018-9162},
	doi = {10.1109/MC.2005.163},
	number = {5},
	journal = {Computer},
	author = {Uhlig, R. and Neiger, G. and Rodgers, D. and Santoni, {A.L.} and Martins, {F.C.M.} and Anderson, {A.V.} and Bennett, {S.M.} and Kagi, A. and Leung, {F.H.} and Smith, L.},
	year = {2005},
	pages = {48--56}
}

@inproceedings{valenzuela2004,
	title = {A Hierarchical Token Bucket Algorithm to Enhance {QoS} in {IEEE} 802.11: Proposal, Implementation and Evaluation},
	volume = {4},
	publisher = {{IEEE}},
	shorttitle = {A Hierarchical Token Bucket Algorithm to Enhance {QoS} in {IEEE} 802.11},
	doi = {10.1109/VETECF.2004.1400539},
	booktitle = {Vehicular Technology Conference, 2004. {VTC2004-Fall.} 2004 {IEEE} 60th},
	author = {Valenzuela, {J.L.} and Monleon, A. and San Esteban, I. and Portoles, M. and Sallent, O.},
	year = {2004},
	pages = {2659--2662 Vol. 4}
}

@article{vmware2007,
    title = {Understanding Full Virtualization, Paravirtualization, and Hardware Assist},
	url = {http://www.vmware.com/files/pdf/VMware\_paravirtualization.pdf},
	journal = {{VMware} White Paper},
	author = {{VMware}},
	year = {2007}
}

@misc{xenoserver2008,
	title = {Xenoservers: Overview},
	url = {http://www.cl.cam.ac.uk/research/srg/netos/xeno/},
	urldate = {2013-10-28},
	journal = {University of Cambridge Computer Laboratory},
	author = {XenoserverProject},
	year = 2008
}

@misc{xenproject2013,
    title = {The Xen Project, the powerful open source industry standard for virtualization},
	url = {http://www.xenproject.org/},
	urldate = {2013-10-05},
	author = {XenProject},
	year = 2013
}

@misc{xenprojecthistory2013,
	title = {Xen History},
	url = {http://www.xenproject.org/about/history.html},
	urldate = {2013-10-28},
	author = {XenProject},
	year = {2013}
}

@misc{xenprojecthow2009,
	title = {How Does Xen Work?},
	url = {http://www-archive.xenproject.org/files/Marketing/HowDoesXenWork.pdf},
	publisher = {XenProject},
	author = {XenProject},
	month = dec,
	year = {2009},
}

@misc{xenwikioverview2013,
	type = {Wiki},
	title = {Xen: Overview},
	url = {http://wiki.xen.org/wiki/Xen\_Overview},
	urldate = {2013-10-14},
	author = {XenProject},
	year = {2013},
}

@inproceedings{xi2013,
	address = {Montreal, {QC}},
	title = {Prioritizing Local Inter-Domain Communication in Xen},
	publisher = {{IEEE}},
	doi = {10.1109/IWQoS.2013.6550267},
	booktitle = {2013 {IEEE/ACM} 21st International Symposium on Quality of Service ({IWQoS)}},
	author = {Xi, Sisu and Li, Chong and Lu, Chenyang and Gill, C.},
	month = jun,
	year = {2013},
	pages = {1--10},
}

@inproceedings{xiaojing2012,
	address = {Guilin},
	title = {Evaluation of Traffic Control in Virtual Environment},
	publisher = {{IEEE}},
	doi = {10.1109/DCABES.2012.53},
	booktitle = {2012 11th International Symposium on Distributed Computing and Applications to Business, Engineering Science ({DCABES)}},
	author = {Xiaojing, Wang and Wei, Ye and Haowei, Wu and Linjie, Ding and Chi, Zhang},
	month = oct,
	year = {2012},
	pages = {332--335},
}